<record><leader>00000cas a22000007a 4500</leader><controlfield tag="001">13826802</controlfield><controlfield tag="008">860707d18371837mauwr ne      0    0eng  </controlfield><controlfield tag="009">466</controlfield><datafield ind1=" " ind2=" " tag="010"><subfield code="a">sn 86071681 </subfield></datafield><datafield ind1=" " ind2=" " tag="040"><subfield code="a">DLC</subfield><subfield code="b">eng</subfield><subfield code="c">DLC</subfield><subfield code="d">MGN</subfield></datafield><datafield ind1="1" ind2=" " tag="029"><subfield code="a">AU@</subfield><subfield code="b">000025789135</subfield></datafield><datafield ind1=" " ind2=" " tag="042"><subfield code="a">msc</subfield></datafield><datafield ind1="0" ind2="0" tag="050"><subfield code="a">Newspaper 8337</subfield></datafield><datafield ind1="0" ind2="0" tag="245"><subfield code="a">Essex north register and family monitor.</subfield></datafield><datafield ind1=" " ind2=" " tag="260"><subfield code="a">Newburyport [Mass.] :</subfield><subfield code="b">Hiram Tozer,</subfield><subfield code="c">1837.</subfield></datafield><datafield ind1=" " ind2=" " tag="300"><subfield code="a">v. ;</subfield><subfield code="c">51 cm.</subfield></datafield><datafield ind1=" " ind2=" " tag="310"><subfield code="a">Weekly</subfield></datafield><datafield ind1="0" ind2=" " tag="362"><subfield code="a">Vol. 4, no. 1 (Jan. 6, 1837)-v. 4, no. 52 (Dec. 29, 1837) = whole no. 131-whole no. 182.</subfield></datafield><datafield ind1=" " ind2=" " tag="752"><subfield code="a">United States</subfield><subfield code="b">Massachusetts</subfield><subfield code="c">Essex</subfield><subfield code="d">Newburyport.</subfield></datafield><datafield ind1="0" ind2="0" tag="780"><subfield code="t">Essex north register</subfield><subfield code="w">(DLC)sn 86071680</subfield></datafield><datafield ind1="0" ind2="0" tag="785"><subfield code="t">Watchtower (Newburyport, Mass.)</subfield><subfield code="w">(DLC)sn 85033212</subfield></datafield></record>